VOL1036322                               003058                                 
HDR1 A003058S         00000 00000 00000        1011190100     B                 
UHL1 10322000090    010000001 DAILY  119                                        
PAYBRAPAYACCOU09990430982686543000000000006698              fsfd  DDREFPAYERACCO
PAYBRAPAYACCOU09990430982686543000000000529180              fsfd  DDREFPAYERACCO
9043098268654301790430982686543000000000535878              fsfdCONTRA            904309826865430000                    
UTL10000000535878000000053587800000020000001                                    

